@Misc{Brants:97b,
  author =       "Thorsten Brants",
  address =      "Saarbrücken, Germany",
  title =        "The NeGra Export Format for Annotated Corpora (Version 3)",
  year =         "1997",
}

@InProceedings{Brants:2000a,
  author =       "Thorsten Brants",
  title =        "{TnT} - A Statistical Part-of-Speech Tagger",
  year =         "2000",
  pages =        "",
  booktitle =    "Proceedings of the Sixth Applied Natural Language Processing Conference (ANLP-2000)",
  address =      "Seattle, WA, USA",
}

@inproceedings{Brill+Wu:98,
  author =       "Eric Brill and Jun Wu",
  title =        "Classifier Combination for Improved Lexical Disambiguation",
  year =         "1998",
  booktitle =    "Proc.\ Joint Conference COLING/ACL '98",
  address =      "Montréal, Canada",
  pages =        "191-195",
  annote =       "different voting schemes for combining POS tagger",
}

@Article{Daelemans+Bosch+Weijters:97a,
  author =       "Walter Daelemans and Antal van den Bosch and Ton Weijters",
  journal =      "Artificial Intelligence Review",
  pages =        "407-423",
  title =        "IGTree: Using Trees for Compression and Classification in Lazy Learning Algorithms",
  volume =       "11",
  year =         "1997",
  comment =      "",
}

@Article{Marcus+Santorini+Marcinkiewicz:93a,
  author =       "M. Marcus and B. Santorini and M. Marcinkiewicz",
  journal =      "Computational Linguistics",
  title =        "Building a Large Annotated Corpus of {E}nglish: the {P}enn {T}reebank",
  volume =       "19",
  year =         "1993",
  url =          "ftp://ftp.cis.upenn.edu/pub/treebank/doc/cl93.ps.gz",
  number =       "2",
}

@TechReport{Schroeder:2002b,
  author =       "Ingo Schröder",
  institution =  "Computer Science, University of Hamburg",
  title =        "A Case Study in Part-of-Speech Tagging Using the {ICOPOST} Toolkit",
  url =          "http://nats-www.informatik.uni-hamburg.de/~ingo/icopost/",
  year =         "2002",
}

